<?xml version="1.0" encoding="UTF-8"?>
<collection xmlns:xsi="http://www.w3.org/2001/XMLSchema-instance" xsi:schemaLocation="http://www.loc.gov/MARC21/slim http://www.loc.gov/standards/marcxml/schema/MARC21slim.xsd" xmlns="http://www.loc.gov/MARC21/slim">
<record>
  <leader>00968cam a2200253   4500</leader>
  <controlfield tag="001">2957832</controlfield>
  <controlfield tag="003">NNC</controlfield>
  <controlfield tag="005">20150218135347.0</controlfield>
  <controlfield tag="008">810901m19621964le            000 0 ararc</controlfield>
  <datafield tag="010" ind1=" " ind2=" ">
    <subfield code="a">ne 63001129 </subfield>
  </datafield>
  <datafield tag="025" ind1=" " ind2=" ">
    <subfield code="a">PL480:UAR-1732</subfield>
  </datafield>
  <datafield tag="035" ind1=" " ind2=" ">
    <subfield code="a">(OCoLC)ocm07718535</subfield>
  </datafield>
  <datafield tag="035" ind1=" " ind2=" ">
    <subfield code="9">ASK2928CU</subfield>
  </datafield>
  <datafield tag="040" ind1=" " ind2=" ">
    <subfield code="a">Princeton Univ. Libr.</subfield>
    <subfield code="c">TKN</subfield>
    <subfield code="d">TKN</subfield>
    <subfield code="d">OCL</subfield>
    <subfield code="d">ZCU</subfield>
  </datafield>
  <datafield tag="050" ind1="0" ind2=" ">
    <subfield code="a">BP165.7</subfield>
    <subfield code="b">.J8</subfield>
  </datafield>
  <datafield tag="100" ind1="1" ind2=" ">
    <subfield code="a">Judaylī, Muḥammad ʻAbd al-Raḥmān.</subfield>
  </datafield>
  <datafield tag="245" ind1="1" ind2="0">
    <subfield code="a">Dirāsāt Islāmīyah</subfield>
    <subfield code="b">fī ḥukm al-tashrīʻ wa-asrār al-tansīl wa-jalāʾil al-ʻaqāʾid wa-dhakhāʾir al-tārīkh wa-rawāʾiʻ al-ʻiẓāt.</subfield>
    <subfield code="c">bi-qalam Muḥammad ʻAbd al-Raḥmān al-Jadīlī.</subfield>
  </datafield>
  <datafield tag="250" ind1=" " ind2=" ">
    <subfield code="a">[al-Tabʻah al-ulā.]</subfield>
  </datafield>
  <datafield tag="260" ind1=" " ind2=" ">
    <subfield code="a">Bayrūt,</subfield>
    <subfield code="c">1962-1964</subfield>
  </datafield>
  <datafield tag="300" ind1=" " ind2=" ">
    <subfield code="a">v.</subfield>
    <subfield code="c">24 cm.</subfield>
  </datafield>
  <datafield tag="490" ind1="1" ind2=" ">
    <subfield code="a">Min hady al-Islām,</subfield>
    <subfield code="v">1</subfield>
  </datafield>
  <datafield tag="650" ind1=" " ind2="0">
    <subfield code="a">Authority</subfield>
    <subfield code="x">Religious aspects</subfield>
    <subfield code="x">Islam.</subfield>
  </datafield>
  <datafield tag="800" ind1="1" ind2=" ">
    <subfield code="a">Bayānūnī, Aḥmad ʻIzz al-Dīn,</subfield>
    <subfield code="d">1913-1975.</subfield>
    <subfield code="t">Min hady al-Islām ;</subfield>
    <subfield code="v">1.</subfield>
  </datafield>
  <datafield tag="955" ind1=" " ind2=" ">
    <subfield code="b">0036759104</subfield>
    <subfield code="d">glx</subfield>
    <subfield code="e">BP165.7 .J8</subfield>
    <subfield code="v">v.1</subfield>
  </datafield>
</record>
</collection>